<record><leader>00000cas a22000007a 4500</leader><controlfield tag="001">38063707</controlfield><controlfield tag="008">971210d19811982caumr ne      0    0eng d</controlfield><datafield ind1=" " ind2=" " tag="010"><subfield code="a">sn 97060851 </subfield></datafield><datafield ind1=" " ind2=" " tag="040"><subfield code="a">CNK</subfield><subfield code="b">eng</subfield><subfield code="c">CNK</subfield><subfield code="d">OCLCQ</subfield></datafield><datafield ind1=" " ind2=" " tag="042"><subfield code="a">msc</subfield></datafield><datafield ind1="0" ind2=" " tag="130"><subfield code="a">Messenger (Foresthill, Calif.)</subfield></datafield><datafield ind1="1" ind2="4" tag="245"><subfield code="a">The messenger.</subfield></datafield><datafield ind1="1" ind2="3" tag="246"><subfield code="a">Foresthill messenger</subfield></datafield><datafield ind1=" " ind2=" " tag="260"><subfield code="a">Foresthill, Calif. :</subfield><subfield code="b">James B. Matessino Pub.</subfield></datafield><datafield ind1=" " ind2=" " tag="300"><subfield code="a">v.</subfield></datafield><datafield ind1=" " ind2=" " tag="310"><subfield code="a">Monthly</subfield></datafield><datafield ind1="0" ind2=" " tag="362"><subfield code="a">Vol. 2, no. 1 [sic] (Feb. 1981)-v. 3, no. 8 (Oct. 1982).</subfield></datafield><datafield ind1=" " ind2="4" tag="651"><subfield code="a">Foresthill (Calif.)</subfield><subfield code="v">Newspapers.</subfield></datafield><datafield ind1=" " ind2=" " tag="752"><subfield code="a">United States</subfield><subfield code="b">California</subfield><subfield code="c">Placer</subfield><subfield code="d">Foresthill.</subfield></datafield><datafield ind1="0" ind2="0" tag="780"><subfield code="t">Foresthill messenger</subfield><subfield code="w">(DLC)sn 95061903</subfield></datafield><datafield ind1="0" ind2="0" tag="785"><subfield code="t">Foresthill messenger (Foresthill, Calif. : 1982)</subfield><subfield code="w">(DLC)sn 97060886</subfield></datafield><datafield ind1="1" ind2=" " tag="029"><subfield code="a">AU@</subfield><subfield code="b">000024791689</subfield></datafield></record>